@article{andreoni1989giving,
  title={Giving with impure altruism: applications to charity and Ricardian equivalence},
  author={Andreoni, James},
  journal={The Journal of Political Economy},
  pages={1447--1458},
  year={1989},
  publisher={JSTOR}
}

@article{moranmoney,
  title={Money Networks in Kiyotaki-Wright Model},
  author={Moran, Timothy A and Ianni, Antonella}
}

@article{josang2007survey,
  title={A survey of trust and reputation systems for online service provision},
  author={J{\o}sang, Audun and Ismail, Roslan and Boyd, Colin},
  journal={Decision support systems},
  volume={43},
  number={2},
  pages={618--644},
  year={2007},
  publisher={Elsevier}
}

@article{weijland2014mathematical,
  title={Mathematical foundations for the economy of giving},
  author={Weijland, WP},
  journal={arXiv preprint arXiv:1401.4664},
  year={2014}
}